
@article{delaCal2006,
	doi = {10.1088/0741-3335/48/10/001},
	url = {https://doi.org/10.1088/0741-3335/48/10/001},
	year = 2006,
	month = {8},
	publisher = {{IOP} Publishing},
	volume = {48},
	number = {10},
	pages = {1455--1468},
	author = {Eduardo de la Cal},
	title = {Theoretical modelling of deuterium {ICRF} wall conditioning discharges},
	journal = {Plasma Physics and Controlled Fusion}
}

@article {deVries2019,
	doi = {10.1088/1741-4326/ab2ef4},
	url = {https://doi.org/10.1088/1741-4326/ab2ef4},
	year = 2019,
	month = {8},
	publisher = {{IOP} Publishing},
	volume = {59},
	number = {9},
	pages = {096043},
	author = {P.C. de Vries and Y. Gribov},
	title = {{ITER} breakdown and plasma initiation revisited},
	journal = {Nuclear Fusion}
}

@article {deVries2020,
	doi = {10.1088/1361-6587/abbe34},
	url = {https://doi.org/10.1088/1361-6587/abbe34},
	year = 2020,
	month = {11},
	publisher = {{IOP} Publishing},
	volume = {62},
	number = {12},
	pages = {125014},
	author = {P C de Vries and Y Gribov and R Martin-Solis and A B Mineev and J Sinha and A C C Sips and V Kiptily and A Loarte},
	title = {Analysis of runaway electron discharge formation during Joint European Torus plasma start-up},
	journal = {Plasma Physics and Controlled Fusion}
}

@article {Lloyd1996,
    doi = {10.1088/0741-3335/38/9/007},
    url = {https://doi.org/10.1088/0741-3335/38/9/007},
    year = {1996},
    month = {9},
    publisher = {{IOP} Publishing},
    volume = {38},
    number = {9},
    pages = {1627},
    author = {B. Lloyd and P. G. Carolan and C. D. Warrick},
    title = {{ECRH}-assisted start-up in {ITER}},
    journal = {Plasma Physics and Controlled Fusion}
}

@techreport {Kavin2017,
    title = {Study of 1st Plasma initiation using SCENPLINT code with revised model of runaway electrons},
    author = {A. A. Kavin and A. B. Mineev and K. M. Lobanov},
    year = {2017},
    institution = {ITER},
    number = {UCVKY4},
    url = {https://user.iter.org/?uid=UCVKY4}
}

@article {Kim2012,
	doi = {10.1088/0029-5515/52/10/103016},
	url = {https://doi.org/10.1088/0029-5515/52/10/103016},
	year = 2012,
	month = {9},
	publisher = {{IOP} Publishing},
	volume = {52},
	number = {10},
	pages = {103016},
	author = {Hyun-Tae Kim and W. Fundamenski and A.C.C. Sips},
	title = {Enhancement of plasma burn-through simulation and validation in {JET}},
	journal = {Nuclear Fusion}
}

@article {MartinSolis1999,
    author = {Martín-Solís,J. R.  and Esposito,B.  and Sánchez,R.  and Alvarez,J. D. },
    title = {Energy limits on runaway electrons in tokamak plasmas},
    journal = {Physics of Plasmas},
    volume = {6},
    number = {1},
    pages = {238-252},
    year = {1999},
    doi = {10.1063/1.873276},
    URL = {https://doi.org/10.1063/1.873276},
    eprint = {https://doi.org/10.1063/1.873276}
}

@techreport {Mineev2021,
    title = {Study of 1st Plasma initiation using SCENPLINT code with revised model of runaway electrons},
    author = {A. B. Mineev and A. A. Kavin and V. E. Lukash and R. R. Khayrutdinov and K. M. Lobanov and S. N. Kamenshikov},
    year = {2021},
    institution = {ITER},
    number = {5F5V2J},
    url = {https://user.iter.org/?uid=5F5V2J}
}

@techreport {Putvinski2010,
    title = {RE energy loads at first plasmas},
    author = {S. Putvinski},
    year = {2010},
    institution = {ITER},
    number = {3CPJTV},
    url = {https://user.iter.org/?uid=3CPJTV}
}

@article {Svensson2021,
    journal = {Journal of Plasma Physics},
    volume = {87},
    issue = {2},
    pages = {905870207},
    title = {Effects of magnetic perturbations and radiation on the runaway avalanche},
    author = {P. Svensson and O. Embreus and S. L. Newton and K. Särkimäki and O. Vallhagen and T. Fülöp},
    year = {2021},
    doi = {10.1017/S0022377820001592},
    eprint = {https://arxiv.org/abs/2010.07156}
}
